
@Article{Glover1996,
  author  = {Glover, P. W. J.},
  journal = {Physics and Chemistry of the Earth},
  title   = {Graphite and electrical conductivity in the lower continental crust: A review},
  year    = {1996},
  number  = {4},
  pages   = {279--287},
  volume  = {21},
  date    = {1996/07/01/},
  doi     = {10.1016/S0079-1946(97)00049-9},
  groups  = {Chapter 3. The effect of widescale, in-situ metasomatism on the electrical resistivity ofthe lower crust},
  url     = {http://www.sciencedirect.com/science/article/pii/S0079194697000499},
}

@Article{Heinson2018,
  author    = {Heinson, Graham and Didana, Yohannes and Soeffky, Paul and Thiel, Stephan and Wise, Tom},
  journal   = {Scientific Reports},
  title     = {The crustal geophysical signature of a world-class magmatic mineral system},
  year      = {2018},
  month     = jul,
  number    = {1},
  volume    = {8},
  doi       = {10.1038/s41598-018-29016-2},
  publisher = {Springer Nature},
}

@Article{Selway2014,
  author    = {Selway, Kate},
  journal   = {Surveys in Geophysics},
  title     = {On the causes of electrical conductivity anomalies in tectonically stable lithosphere},
  year      = {2014},
  month     = may,
  number    = {1},
  pages     = {219--257},
  volume    = {35},
  doi       = {10.1007/s10712-013-9235-1},
  groups    = {Chapter 3. The effect of widescale, in-situ metasomatism on the electrical resistivity ofthe lower crust},
  publisher = {Springer Nature},
}

@Article{Yang2011,
  author    = {Yang, Xiaozhi},
  journal   = {Surveys in Geophysics},
  title     = {Origin of high electrical conductivity in the lower continental crust: a review},
  year      = {2011},
  month     = sep,
  number    = {6},
  pages     = {875--903},
  volume    = {32},
  date      = {2011/09/14},
  doi       = {10.1007/s10712-011-9145-z},
  groups    = {Chapter 3. The effect of widescale, in-situ metasomatism on the electrical resistivity ofthe lower crust},
  publisher = {Springer Nature},
}

@Article{Wannamaker2009,
  author    = {Wannamaker, Philip E. and Caldwell, T. Grant and Jiracek, George R. and Maris, Virginie and Hill, Graham J. and Ogawa, Yasuo and Bibby, Hugh M. and Bennie, Stewart L. and Heise, Wiebke},
  journal   = {Nature},
  title     = {Fluid and deformation regime of an advancing subduction system at {Marlborough}, {New Zealand}},
  year      = {2009},
  month     = aug,
  number    = {7256},
  pages     = {733--736},
  volume    = {460},
  doi       = {10.1038/nature08204},
  groups    = {Chapter 3. The effect of widescale, in-situ metasomatism on the electrical resistivity ofthe lower crust},
  publisher = {Springer Nature},
}

@Article{Hill2009,
  author    = {Hill, Graham J. and Caldwell, T. Grant and Heise, Wiebke and Chertkoff, Darren G. and Bibby, Hugh M. and Burgess, Matt K. and Cull, James P. and Cas, Ray A. F.},
  journal   = {Nature Geoscience},
  title     = {Distribution of melt beneath {Mount St Helens} and {Mount Adams} inferred from magnetotelluric data},
  year      = {2009},
  month     = oct,
  number    = {11},
  pages     = {785--789},
  volume    = {2},
  doi       = {10.1038/ngeo661},
  publisher = {Springer Nature},
}


@Article{iquilezlesInigoQuilez,
	author = {Inigo Quilez},
	title = {2d distance functions},
	howpublished = {\url{https://iquilezles.org/articles/distfunctions2d/}},
	year = {},
	note = {[Accessed 18-02-2025]},
}

